% bmc_article.bib
% 
%  An example of bibtex entries.
%  Entries taken from BMC instructions for authors page.

% uncomment next line to make author-year bibliography
% @settings{label, options="nameyear"}

@book{tanenbaum1998sistemas,
  title={Sistemas operativos: dise{\~n}o e implementaci{\'o}n},
  author={Tanenbaum, Andrew S and Woodhull, Albert S},
  year={1998},
  publisher={Martin Iturbide}
}

@book{tanenbaum2003sistemas,
  title={Sistemas operativos modernos},
  author={Tanenbaum, Andrew S and Garc{\'\i}a, Roberto Escalona},
  year={2003},
  publisher={Pearson Educaci{\'o}n}
}

@article{alonsodispositivos,
  title={Dispositivos m{\'o}viles},
  author={Alonso, Arturo Baz and Artime, Irene Ferreira and Rodr{\'\i}guez, Mar{\'\i}a {\'A}lvarez and Baniello, Rosana Garc{\'\i}a},
  journal={EPSIG Ing. Telecomunicaci{\'o}n Universidad de Oviedo}
}

@article{del2009sistemas,
  title={Los sistemas operativos de los smartphone},
  author={del Razo, Ciro Canales},
  year={2009},
  publisher={suite101. net}
}

@article{polanco2011android,
  title={" Android" el sistema operativo de Google para dispositivos m{\'o}viles},
  author={Polanco, Kristel Malave and Taibo, Jos{\'e} Luis Beauperthuy},
  year={2011},
  publisher={Fundaci{\'o}n Miguel Unamuno y Jugo}
}

@misc{luis2001sistemas,
  title={Sistemas Operativos},
  author={LUIS, EXPTO DAVID and LA RED, MARTINEZ and DE, TITULAR ORDINARIO},
  year={2001},
  publisher={Universidad Nacional del Nordeste, Argentina}
}

@article{vanegas2014android,
  title={Android?.... De qu{\'e} me hablan},
  author={Vanegas, Carlos Alberto},
  journal={V{\'\i}nculos},
  volume={11},
  number={1},
  pages={162--171},
  year={2014}
}

@article{herraiz2012android,
  title={ANDROID},
  author={Herraiz Ant{\'o}n, Gabriel},
  year={2012}
}

@misc{baez1997introduccion,
  title={Introducci{\'o}n a Android},
  author={B{\'a}ez, Manuel and Borrego, {\'A}lvaro and Cordero, Jorge and Cruz, Luis and Gonz{\'a}lez, Miguel and Hern{\'a}ndez, Francisco and Palomero, David and de Llera, Jos{\'e} Rodr{\'\i}guez and Sanz, Daniel and Saucedo, Mariam and others},
  year={1997},
  publisher={htt p://pendientedemigracion. ucm. es/info/tecnomovil/documentos/android. pdf>>(Consulta realizada 5 de noviembre de 2013). Ed. L{\'o}pez V. y Grupo Tecnolog{\'\i}a UCM. Madrid, Espa{\~n}a}
}

@book{benbourahala2013android,
  title={Android 4: Principios del desarrollo de aplicaciones Java},
  author={Benbourahala, Nazim},
  year={2013},
  publisher={Ediciones ENI}
}